
@article{room_new_1955,
	title = {A new type of magic square},
	volume = {39},
	number = {307},
	journal = {Mathematical Gazette},
	author = {Room, T.G.},
	year = {1955}
}
