
@article{ferencak_outline_2002,
	title = {Outline and {Amalgamated} {Triple} {Systems} of {Even} {Index}},
	volume = {84},
	issn = {0024-6115},
	url = {https://academic.oup.com/plms/article/84/1/1/1487518},
	doi = {10.1112/plms/84.1.1},
	abstract = {Abstract.  This paper proves that a triangulated graph is an outline triple system of even index if and only if it is an amalgamated triple system of even index},
	language = {en},
	number = {1},
	urldate = {2020-11-02},
	journal = {Proceedings of the London Mathematical Society},
	author = {Ferencak, Michael N. and Hilton, Anthony J. W.},
	month = jan,
	year = {2002},
	note = {Publisher: Oxford Academic},
	pages = {1--34},
	file = {Snapshot:/home/matthew/Zotero/storage/MI7K2AU2/1487518.html:text/html}
}

@book{anderson_combinatorial_1990,
	series = {Ellis {Horwood} series in mathematics and its applications},
	title = {Combinatorial {Designs}: {Construction} {Methods}},
	isbn = {978-0-470-21643-9},
	url = {https://books.google.co.uk/books?id=0fzuAAAAMAAJ},
	publisher = {Ellis Horwood},
	author = {Anderson, I.},
	year = {1990},
	lccn = {89024482}
}
