@book{hardyIntroductionTheoryNumbers1979,
  title = {An {{Introduction}} to the {{Theory}} of {{Numbers}}},
  author = {Hardy, G.H. and Godfrey Harold Hardy, E.M.W. and Wright, E.M. and Wright, E.W.},
  date = {1979},
  series = {Oxford Science Publications},
  publisher = {{Clarendon Press}},
  url = {https://books.google.co.uk/books?id=FlUj0Rk_rF4C},
  isbn = {978-0-19-853171-5},
  lccn = {99461762}
}
